<?xml version="1.0" encoding="utf-8"?>
<record xmlns="http://www.loc.gov/MARC21/slim" xmlns:xsi="http://www.w3.org/2001/XMLSchema-instance" xsi:schemaLocation="http://www.loc.gov/MARC21/slim http://www.loc.gov/standards/marcxml/schema/MARC21slim.xsd">
	<leader>     nam a22     Mi 4500</leader>
	<controlfield tag="001">5675</controlfield>
	<controlfield tag="003">aeadna</controlfield>
	<controlfield tag="006">m        d        </controlfield>
	<controlfield tag="007">cr cn |||m|||a</controlfield>
	<controlfield tag="008">210727s1944||||ua     fo    n001 0bara d</controlfield>
	<datafield ind1=" " ind2=" " tag="040">
		<subfield code="a">ZYU</subfield>
		<subfield code="b">ara</subfield>
		<subfield code="c">ZYU</subfield>
	</datafield>
	<datafield ind1="0" ind2=" " tag="041">
		<subfield code="a">ara</subfield>
	</datafield>
	<datafield ind1=" " ind2="4" tag="050">
		<subfield code="a">PJ7750.A25</subfield>
		<subfield code="b">.Z56 1944</subfield>
	</datafield>
	<datafield ind1=" " ind2=" " tag="066">
		<subfield code="c">(3</subfield>
	</datafield>
	<datafield ind1="1" ind2="0" tag="082">
		<subfield code="a">928.56</subfield>
		<subfield code="b">21</subfield>
	</datafield>
	<datafield ind1=" " ind2=" " tag="090">
		<subfield code="a">928.56</subfield>
		<subfield code="b">ت ع ي ف</subfield>
	</datafield>
	<datafield ind1="0" ind2="0" tag="245">
		<subfield code="a">تعريف القدماء بأبي العلاء</subfield>
		<subfield code="h">[electronic resource] /</subfield>
		<subfield code="c">جمعه وحققه لجنة من رجال وزارة المعارف العمومية؛ بإشراف طه حسين.</subfield>
	</datafield>
	<datafield ind1=" " ind2=" " tag="260">
		<subfield code="a">[القاهرة] :</subfield>
		<subfield code="b">مطبعة دار الكتب المصرية،</subfield>
		<subfield code="c">1944م.</subfield>
	</datafield>
	<datafield ind1=" " ind2=" " tag="300">
		<subfield code="a">online resource (14، 695 ص.؛)</subfield>
	</datafield>
	<datafield ind1=" " ind2=" " tag="500">
		<subfield code="a">يتضمن كشافات.</subfield>
	</datafield>
	<datafield ind1=" " ind2=" " tag="500">
		<subfield code="a">نبذة من سيرة أبي العلاء:   المعري، شاعر ومفكر ونحوي وأديب من عصر الدولة العباسية، ولد وتوفي في معرة النعمان في محافظة إدلب وإليها ُينسب. ُلقب بـرهين المحبسين أي محبس العمى ومحبس البيت وذلك لأنه قد اعتزل الناس بعد عودته من بغداد حتى وفاته. عاش المعري بعد اعتزاله زاهدًا في الدنيا، معرضًا عن لذاتها، لا يأكل لحم الحيوان حتى قيل أنه لم يأكل اللحم 45 سنة، ولا ما ينتجه من سمن ولبن أو بيض وعسل، ولا يلبس من الثياب إلا الخشن. حتى توفي عن عمر يناهز 86 عامًا، ودفن في منزله بمعرة النعمان. وقد جمعت أخباره مما كتبه المؤرخون وأصحاب السير في كتاب بإشراف الدكتور طه حسين بعنوان &quot;تعريف القدماء بأبي العلاء</subfield>
	</datafield>
	<datafield ind1=" " ind2=" " tag="500">
		<subfield code="a">Part of the Arabic Collections Online (ACO) project, contributed by United Arab Emirates National Archives.</subfield>
	</datafield>
	<datafield ind1=" " ind2=" " tag="504">
		<subfield code="a">يتضمن ملاحظات ومراجع ببليوجرافية.</subfield>
	</datafield>
	<datafield ind1=" " ind2=" " tag="533">
		<subfield code="a">Electronic reproduction.</subfield>
		<subfield code="b">New York, N.Y. :</subfield>
		<subfield code="c">New York University,</subfield>
		<subfield code="d">2021.</subfield>
		<subfield code="5">NNU</subfield>
	</datafield>
	<datafield ind1="1" ind2="4" tag="600">
		<subfield code="a">أبو العلاء المعري،</subfield>
		<subfield code="d">973-1057</subfield>
	</datafield>
	<datafield ind1=" " ind2="4" tag="650">
		<subfield code="a">الشعراء العرب</subfield>
		<subfield code="y">العصر العباسي الثاني</subfield>
		<subfield code="v">تراجم</subfield>
	</datafield>
	<datafield ind1="1" ind2=" " tag="700">
		<subfield code="a">حسين، طه</subfield>
		<subfield code="d">1889-1973،</subfield>
		<subfield code="e">مشرف</subfield>
	</datafield>
	<datafield ind1="1" ind2=" " tag="710">
		<subfield code="a">مصر.</subfield>
		<subfield code="b">وزارة التربية والتعليم</subfield>
	</datafield>
	<datafield ind1="2" ind2=" " tag="710">
		<subfield code="a">Abu Dhabi (United Arab Emirates).</subfield>
		<subfield code="b">National Archives.</subfield>
	</datafield>
	<datafield ind1="0" ind2=" " tag="730">
		<subfield code="a">Arabic Collections Online.</subfield>
	</datafield>
	<datafield ind1="0" ind2="8" tag="776">
		<subfield code="i">Print version:</subfield>
		<subfield code="t">تعريف القدماء بأبي العلاء</subfield>
		<subfield code="w">(aeadna)5675</subfield>
	</datafield>
	<datafield ind1="4" ind2="0" tag="856">
		<subfield code="u">http://hdl.handle.net/2333.1/9p8czmdg</subfield>
	</datafield>
	<datafield ind1=" " ind2=" " tag="949">
		<subfield code="a">928.56 ت غ  ٍ]</subfield>
		<subfield code="w">DDC</subfield>
		<subfield code="i">30018000014476</subfield>
		<subfield code="u">06/12/2003</subfield>
		<subfield code="d">09/04/2008</subfield>
		<subfield code="n">0</subfield>
		<subfield code="t">Book</subfield>
		<subfield code="l">av</subfield>
		<subfield code="m">MAIN</subfield>
		<subfield code="x">ABK</subfield>
	</datafield>
	<datafield ind1=" " ind2=" " tag="949">
		<subfield code="a">928.56 ت غ  ٍ]</subfield>
		<subfield code="w">DDC</subfield>
		<subfield code="i">30018000000599</subfield>
		<subfield code="u">06/22/2003</subfield>
		<subfield code="d">04/26/2010</subfield>
		<subfield code="n">0</subfield>
		<subfield code="t">Book</subfield>
		<subfield code="l">av</subfield>
		<subfield code="m">MAIN</subfield>
		<subfield code="x">RAR</subfield>
	</datafield>
	<datafield ind1=" " ind2=" " tag="959">
		<subfield code="a">NNU</subfield>
		<subfield code="b">WEB</subfield>
		<subfield code="c">GENI</subfield>
		<subfield code="t">0</subfield>
		<subfield code="m">Electronic access</subfield>
		<subfield code="s">01</subfield>
	</datafield>
	<datafield ind1=" " ind2=" " tag="999">
		<subfield code="i">aeadna_5675</subfield>
		<subfield code="s">uaena_aco000033:1</subfield>
		<subfield code="e">(ERROR-880)</subfield>
	</datafield>
</record>
